<?xml version="1.0" encoding="UTF-8"?><record xmlns="http://www.loc.gov/MARC21/slim" xmlns:cinclude="http://apache.org/cocoon/include/1.0" xmlns:zs="http://www.loc.gov/zing/srw/">
  <leader>00858cz  a2200157n  4500</leader>
  <controlfield tag="001">no 00037051 </controlfield>
  <controlfield tag="003">DLC</controlfield>
  <controlfield tag="005">20120814081851.0</controlfield>
  <controlfield tag="008">000524n| acannaabn          |a ana     c</controlfield>
  <datafield tag="010" ind1=" " ind2=" ">
    <subfield code="a">no 00037051 </subfield>
  </datafield>
  <datafield tag="035" ind1=" " ind2=" ">
    <subfield code="a">(OCoLC)oca05225438</subfield>
  </datafield>
  <datafield tag="040" ind1=" " ind2=" ">
    <subfield code="a">MU</subfield>
    <subfield code="b">eng</subfield>
    <subfield code="c">MU</subfield>
    <subfield code="d">DLC</subfield>
  </datafield>
  <datafield tag="111" ind1="2" ind2=" ">
    <subfield code="a">Policy Seminar on the Impact of Globalization on Population Change and Poverty in Rural Areas</subfield>
    <subfield code="d">(1999 :</subfield>
    <subfield code="c">Bangkok, Thailand)</subfield>
  </datafield>
  <datafield tag="411" ind1="2" ind2=" ">
    <subfield code="a">Seminar on the Impact of Globalization on Population Change and Poverty in Rural Areas, Policy</subfield>
  </datafield>
  <datafield tag="667" ind1=" " ind2=" ">
    <subfield code="a">THIS 1XX FIELD CANNOT BE USED UNDER RDA UNTIL THIS RECORD HAS BEEN REVIEWED AND/OR UPDATED</subfield>
  </datafield>
  <datafield tag="670" ind1=" " ind2=" ">
    <subfield code="a">The impact of globalization on population change and poverty in rural areas, 1999:</subfield>
    <subfield code="b">p. iii (Policy Seminar on the Impact of Globalization on Population Change and Poverty in Rural Areas; organized at Bangkok from 31 March to 2 April 1999)</subfield>
  </datafield>
</record>